<?xml version="1.0" encoding="UTF-8"?><collection xmlns="http://www.loc.gov/MARC21/slim"><record><leader>00522nam--2200193-i-4500</leader><controlfield tag="001">000019991</controlfield><controlfield tag="002">20161230</controlfield><controlfield tag="005">20161230201033</controlfield><controlfield tag="008">060222s1000------------r-----000-0-ger-d</controlfield><datafield ind1=" " ind2=" " tag="040"><subfield code="a">IFIN-HH</subfield></datafield><datafield ind1=" " ind2=" " tag="041"><subfield code="a">ger</subfield></datafield><datafield ind1=" " ind2=" " tag="080"><subfield code="a">538.9:539.141.1</subfield></datafield><datafield ind1="1" ind2=" " tag="100"><subfield code="a">Elk, Klaus</subfield></datafield><datafield ind1="1" ind2="0" tag="245"><subfield code="a">Die methode der greenschen funktionen in der festkorperphysik</subfield><subfield code="c">Klaus elk, wilmut gasser</subfield></datafield><datafield ind1=" " ind2=" " tag="260"><subfield code="a">Berlin</subfield><subfield code="b">Akademie-verlag</subfield><subfield code="c">1979</subfield></datafield><datafield ind1=" " ind2=" " tag="300"><subfield code="a">249 P</subfield></datafield><datafield ind1="1" ind2=" " tag="700"><subfield code="a">Gasser, Wilmut</subfield></datafield><datafield ind1=" " ind2=" " tag="852"><subfield code="a">49318</subfield><subfield code="c">539.2</subfield></datafield><datafield ind1=" " ind2=" " tag="CAT"><subfield code="a">Sys</subfield><subfield code="c">20121101</subfield><subfield code="h">142336</subfield></datafield></record></collection>